<record><leader>00000cas a22000007a 4500</leader><controlfield tag="001">22123096</controlfield><controlfield tag="008">900723d19821986mnuwr ne      0    0eng d</controlfield><datafield ind1=" " ind2=" " tag="010"><subfield code="a">sn 90059847 </subfield></datafield><datafield ind1=" " ind2=" " tag="040"><subfield code="a">MN#</subfield><subfield code="b">eng</subfield><subfield code="c">MN#</subfield><subfield code="d">OCLCQ</subfield><subfield code="d">OCLCO</subfield></datafield><datafield ind1="1" ind2=" " tag="029"><subfield code="a">AU@</subfield><subfield code="b">000025895518</subfield></datafield><datafield ind1=" " ind2=" " tag="042"><subfield code="a">msc</subfield></datafield><datafield ind1=" " ind2=" " tag="043"><subfield code="a">n-us-mn</subfield></datafield><datafield ind1=" " ind2=" " tag="052"><subfield code="a">4144</subfield><subfield code="b">E9</subfield><subfield code="b">S615</subfield><subfield code="b">T53</subfield><subfield code="b">V5</subfield><subfield code="b">J58</subfield><subfield code="b">C483</subfield></datafield><datafield ind1=" " ind2=" " tag="052"><subfield code="a">4143</subfield><subfield code="b">H4</subfield><subfield code="b">C25</subfield></datafield><datafield ind1="0" ind2="0" tag="245"><subfield code="a">Excelsior/Shorewood sailor.</subfield></datafield><datafield ind1="3" ind2="0" tag="246"><subfield code="a">Excelsior Shorewood sailor</subfield></datafield><datafield ind1=" " ind2=" " tag="260"><subfield code="a">Excelsior, Minn. :</subfield><subfield code="b">Sailor Newspapers,</subfield><subfield code="c">1982-1984.</subfield></datafield><datafield ind1=" " ind2=" " tag="300"><subfield code="a">3 v.</subfield></datafield><datafield ind1=" " ind2=" " tag="310"><subfield code="a">Weekly</subfield></datafield><datafield ind1="0" ind2=" " tag="362"><subfield code="a">Vol. 4, no. 12 (Jan. 18, 1982)-v. 6, no. 23 (Apr. 2, 1984).</subfield></datafield><datafield ind1=" " ind2=" " tag="530"><subfield code="a">Available on microfilm from the Minnesota Historical Society.</subfield></datafield><datafield ind1=" " ind2=" " tag="500"><subfield code="a">"Serving: Excelsior, Shorewood, Tonka Bay, Victoria, Jonathan, Chaska."</subfield></datafield><datafield ind1=" " ind2=" " tag="580"><subfield code="a">Merged with: Sun (Edina, Minn. : Lake Minnetonka South Shore ed.), and: Minnetonka sailor (Excelsior, Minn. : Minnetonka ed.), to form: Sun Minnetonka sailor, and: Sun Excelsior/Shorewood sailor.</subfield></datafield><datafield ind1=" " ind2="0" tag="651"><subfield code="a">Excelsior (Minn.)</subfield><subfield code="v">Newspapers.</subfield></datafield><datafield ind1=" " ind2="0" tag="651"><subfield code="a">Shorewood (Minn.)</subfield><subfield code="v">Newspapers.</subfield></datafield><datafield ind1=" " ind2="0" tag="651"><subfield code="a">Tonka Bay (Minn.)</subfield><subfield code="v">Newspapers.</subfield></datafield><datafield ind1=" " ind2="0" tag="651"><subfield code="a">Jonathan (Chaska, Minn.)</subfield><subfield code="v">Newspapers.</subfield></datafield><datafield ind1=" " ind2="0" tag="651"><subfield code="a">Victoria (Minn.)</subfield><subfield code="v">Newspapers.</subfield></datafield><datafield ind1=" " ind2="0" tag="651"><subfield code="a">Chaska (Minn.)</subfield><subfield code="v">Newspapers.</subfield></datafield><datafield ind1=" " ind2=" " tag="752"><subfield code="a">United States</subfield><subfield code="b">Minnesota</subfield><subfield code="c">Hennepin</subfield><subfield code="d">Excelsior.</subfield></datafield><datafield ind1=" " ind2=" " tag="752"><subfield code="a">United States</subfield><subfield code="b">Minnesota</subfield><subfield code="c">Hennepin</subfield><subfield code="d">Shorewood.</subfield></datafield><datafield ind1=" " ind2=" " tag="752"><subfield code="a">United States</subfield><subfield code="b">Minnesota</subfield><subfield code="c">Hennepin</subfield><subfield code="d">Tonka Bay.</subfield></datafield><datafield ind1=" " ind2=" " tag="752"><subfield code="a">United States</subfield><subfield code="b">Minnesota</subfield><subfield code="c">Carver</subfield><subfield code="d">Jonathan.</subfield></datafield><datafield ind1=" " ind2=" " tag="752"><subfield code="a">United States</subfield><subfield code="b">Minnesota</subfield><subfield code="c">Carver</subfield><subfield code="d">Victoria.</subfield></datafield><datafield ind1=" " ind2=" " tag="752"><subfield code="a">United States</subfield><subfield code="b">Minnesota</subfield><subfield code="c">Carver</subfield><subfield code="d">Chaska.</subfield></datafield><datafield ind1="0" ind2="0" tag="780"><subfield code="t">Lake Minnetonka sailor (Excelsior, Minn. : Excelsior ed.)</subfield><subfield code="w">(DLC)sn 90059846</subfield></datafield><datafield ind1="1" ind2="4" tag="785"><subfield code="t">Sun (Edina, Minn. : Lake Minnetonka South Shore ed.)</subfield><subfield code="w">(DLC)sn 90059817</subfield></datafield><datafield ind1="1" ind2="4" tag="785"><subfield code="t">Minnetonka sailor (Excelsior, Minn. ; Minnetonka ed.)</subfield><subfield code="w">(DLC)sn 90059813</subfield></datafield><datafield ind1="1" ind2="4" tag="785"><subfield code="t">Sun Minnetonka sailor</subfield><subfield code="w">(DLC)sn 90059814</subfield></datafield><datafield ind1="1" ind2="4" tag="785"><subfield code="t">Sun Excelsior/Shorewood sailor</subfield><subfield code="w">(DLC)sn 90059822</subfield></datafield></record>